@inproceedings{Buolamwini_2018,
  author    = {Joy Buolamwini and
               Timnit Gebru},
  title     = {Gender Shades: Intersectional Accuracy Disparities in Commercial Gender
               Classification},
  booktitle = {Conference on Fairness, Accountability and Transparency},
  series    = {Proceedings of Machine Learning Research},
  volume    = {81},
  pages     = {77--91},
  year      = {2018}
}

@inproceedings{Sundararajan_2017,
  author    = {Mukund Sundararajan and
               Ankur Taly and
               Qiqi Yan},
  title     = {Axiomatic Attribution for Deep Networks},
  booktitle = {Proceedings of the 34th International Conference on Machine Learning},
  series    = {Proceedings of Machine Learning Research},
  volume    = {70},
  pages     = {3319--3328},
  year      = {2017}
}

@article{Arrieta_2020,
  author    = {Alejandro Barredo Arrieta and
               Natalia D{\'{\i}}az Rodr{\'{\i}}guez and
               Javier Del Ser and
               Adrien Bennetot and
               Siham Tabik and
               Alberto Barbado and
               Salvador Garc{\'{\i}}a and
               Sergio Gil{-}Lopez and
               Daniel Molina and
               Richard Benjamins and
               Raja Chatila and
               Francisco Herrera},
  title     = {Explainable Artificial Intelligence {(XAI):} Concepts, taxonomies,
               opportunities and challenges toward responsible {AI}},
  journal   = {Information Fusion},
  volume    = {58},
  pages     = {82--115},
  year      = {2020}
}

@article{Maleki_2013,
  author    = {Sasan Maleki and
               Long Tran{-}Thanh and
               Greg Hines and
               Talal Rahwan and
               Alex Rogers},
  title     = {Bounding the Estimation Error of Sampling-based Shapley Value Approximation
               With/Without Stratifying},
  year      = {2013}
}

@misc{Begley_2021,
title={Explainability for fair machine learning},
author={Tom Begley and Tobias Schwedes and Christopher Frye and Ilya Feige},
year={2021}
}

@inproceedings{Verma_2018,
author = {Verma, Sahil and Rubin, Julia},
year = {2018},
pages = {1-7},
title = {Fairness definitions explained},
booktitle = {{ACM/IEEE} International Workshop on Software Fairness},
}

@inproceedings{Kapishnikov_2019,
  author    = {Andrei Kapishnikov and
               Tolga Bolukbasi and
               Fernanda B. Vi{\'{e}}gas and
               Michael Terry},
  title     = {{XRAI:} Better Attributions Through Regions},
  booktitle = {{IEEE/CVF} International Conference on Computer Vision},
  pages     = {4947--4956},
  year      = {2019}
}

@misc{CIO_2021,
    title     = "Brasil se destaca com 42\% das iniciativas de {IA} na {América Latina}, em 2020",
    year      = {2021},
    url       = "https://cio.com.br/tendencias/brasil-se-destaca-com-42-das-iniciativas-de-ia-na-america-latina-em-2020/"
}

@misc{Deloitte_2018,
    title     = "Machine learning: things are getting intense",
    year      = {2018},
    url       = "https://www2.deloitte.com/content/dam/Deloitte/global/Images/infographics/technologymediatelecommunications/gx-deloitte-tmt-2018-intense-machine-learning-report.pdf"
}

@misc{LGPD_2021,
    title     = "{Proteção de Dados - LGPD}",
    year      = {2021},
    url       = "https://www.gov.br/defesa/pt-br/acesso-a-informacao/lei-geral-de-protecao-de-dados-pessoais-lgpd"
}

@misc{Khalegi_2019_Pre,
    author    = {Bahador Khalegi},
    title     = "The How of Explainable AI: Pre-modelling Explainability",
    year      = {2019},
    url       = "https://towardsdatascience.com/the-how-of-explainable-ai-pre-modelling-explainability-699150495fe4"
}

@misc{Khalegi_2019,
    author    = {Bahador Khalegi},
    title     = "The How of Explainable AI: Explainable Modelling",
    year      = {2019},
    url       = "https://towardsdatascience.com/the-how-of-explainable-ai-explainable-modelling-55c8c43d7bed"
}

@misc{Khalegi_2019_Post,
    author    = {Bahador Khalegi},
    title     = "The How of Explainable AI: Post-modelling Explainability",
    year      = {2019},
    url       = "https://towardsdatascience.com/the-how-of-explainable-ai-post-modelling-explainability-8b4cbc7adf5f"
}

@misc{Rodriguez_2020,
    author    = {Jesus Rodriguez},
    title     = "Machine Learning Reference Architectures from Google, Facebook, Uber, DataBricks and Others",
    year      = {2020},
    url       = "https://medium.com/dataseries/machine-learning-reference-architectures-from-google-facebook-uber-databricks-and-others-58191cf82b98"
}

@misc{IBM_2021,
    title     = "{IBM} - {Analytics} and {AI} architecture",
    url       = "https://www.ibm.com/cloud/architecture/architectures/aiAnalyticsArchitecture/reference-architecture/"
}

@misc{Google_2021,
    title     = "{Google} - {AI Explanations Whitepaper}",
    url       = "https://storage.googleapis.com/cloud-ai-whitepapers/AI%20Explainability%20Whitepaper.pdf"
}

@misc{Kenthapadi_2019,
    author    = {Krishnaram Kenthapadi and Stuart Ambler and Ahsan Chudhary and Mark Dietz and Sahin Cem Geyik and Ian Koeppe and Varun Mithal and Guillaume Saint-Jacques and Amir Sepehri and Thanh Tran and Sriram Vasudevan},
    title     = "Fairness, Privacy, and Transparency by Design in AI/ML Systems",
    year      = {2019},
    url       = "https://engineering.linkedin.com/blog/2019/fairness-privacy-transparency-by-design"
}

@misc{Kenthapadi_2020,
    author    = {Krishnaram Kenthapadi and Sahin Cem Geyik and Varun Mithal and Krishna Gade and Ankur Taly},
    title     = "{Explainable AI in Industry: Practical Challenges and Lessons Learned}",
    year      = {2020},
    url       = "https://sites.google.com/view/www20-explainable-ai-tutorial"
}

@article{Ballis_2017,
author = {Bailis, Peter and Olukoton, Kunle and Re, Christopher and Zaharia, Matei},
year = {2017},
title = {Infrastructure for Usable Machine Learning: The Stanford DAWN Project}
}

@inproceedings{Modi_2017,
title	= {TFX: A TensorFlow-Based Production-Scale Machine Learning Platform},
author	= {Akshay Naresh Modi and Chiu Yuen Koo and Chuan Yu Foo and Clemens Mewald and Denis M. Baylor and Eric Breck and Heng-Tze Cheng and Jarek Wilkiewicz and Levent Koc and Lukasz Lew and Martin A. Zinkevich and Martin Wicke and Mustafa Ispir and Neoklis Polyzotis and Noah Fiedel and Salem Elie Haykal and Steven Whang and Sudip Roy and Sukriti Ramesh and Vihan Jain and Xin Zhang and Zakaria Haque},
year	= {2017},
booktitle	= {KDD 2017}
}

@inproceedings{Geyik_2019,
author        = "Sahin Cem Geyik and Stuart Ambler and Krishnaram Kenthapadi",
booktitle     = {Proceedings of the 25th International Conference on Knowledge Discovery and Data Mining},
pages         = "2221--2231",
title         = "{Fairness-Aware Ranking in Search and Recommendation Systems with Application to LinkedIn Talent Search}",
year          = 2019
}

@misc{Dunn_2016,
author = {Jeffrey Dunn},
title  = "Introducing {FBLearner Flow: Facebook’s AI} backbone",
url    = "https://engineering.fb.com/2016/05/09/core-data/introducing-fblearner-flow-facebook-s-ai-backbone/"
}

@techreport{IBM_2005,
  url = {https://www-03.ibm.com/autonomic/pdfs/AC%20Blueprint%20White%20Paper%20V7.pdf},
  editor = {IBM},
  institution = {IBM},
  title = {An Architectural Blueprint for Autonomic Computing},
  year = 2005
}
