@inproceedings{Buolamwini_2018,
  author    = {Joy Buolamwini and
               Timnit Gebru},
  title     = {Gender Shades: Intersectional Accuracy Disparities in Commercial Gender
               Classification},
  booktitle = {Conference on Fairness, Accountability and Transparency},
  series    = {Proceedings of Machine Learning Research},
  volume    = {81},
  pages     = {77--91},
  year      = {2018}
}

@inproceedings{Sundararajan_2017,
  author    = {Mukund Sundararajan and
               Ankur Taly and
               Qiqi Yan},
  title     = {Axiomatic Attribution for Deep Networks},
  booktitle = {Proceedings of the 34th International Conference on Machine Learning},
  series    = {Proceedings of Machine Learning Research},
  volume    = {70},
  pages     = {3319--3328},
  year      = {2017}
}

@article{Arrieta_2020,
  author    = {Alejandro Barredo Arrieta and
               Natalia D{\'{\i}}az Rodr{\'{\i}}guez and
               Javier Del Ser and
               Adrien Bennetot and
               Siham Tabik and
               Alberto Barbado and
               Salvador Garc{\'{\i}}a and
               Sergio Gil{-}Lopez and
               Daniel Molina and
               Richard Benjamins and
               Raja Chatila and
               Francisco Herrera},
  title     = {Explainable Artificial Intelligence {(XAI):} Concepts, taxonomies,
               opportunities and challenges toward responsible {AI}},
  journal   = {Information Fusion},
  volume    = {58},
  pages     = {82--115},
  year      = {2020}
}

@article{Maleki_2013,
  author    = {Sasan Maleki and
               Long Tran{-}Thanh and
               Greg Hines and
               Talal Rahwan and
               Alex Rogers},
  title     = {Bounding the Estimation Error of Sampling-based Shapley Value Approximation
               With/Without Stratifying},
  year      = {2013}
}

@misc{Begley_2021,
title={Explainability for fair machine learning},
author={Tom Begley and Tobias Schwedes and Christopher Frye and Ilya Feige},
year={2021}
}

@inproceedings{Verma_2018,
author = {Verma, Sahil and Rubin, Julia},
year = {2018},
pages = {1-7},
title = {Fairness definitions explained},
booktitle = {{ACM/IEEE} International Workshop on Software Fairness},
}

@inproceedings{Kapishnikov_2019,
  author    = {Andrei Kapishnikov and
               Tolga Bolukbasi and
               Fernanda B. Vi{\'{e}}gas and
               Michael Terry},
  title     = {{XRAI:} Better Attributions Through Regions},
  booktitle = {{IEEE/CVF} International Conference on Computer Vision},
  pages     = {4947--4956},
  year      = {2019}
}

@misc{CIO_2021,
    title     = "Brasil se destaca com 42\% das iniciativas de {IA} na {América Latina}, em 2020",
    year      = {2021},
    url       = "https://cio.com.br/tendencias/brasil-se-destaca-com-42-das-iniciativas-de-ia-na-america-latina-em-2020/"
}

@misc{Deloitte_2018,
    title     = "Machine learning: things are getting intense",
    year      = {2018},
    url       = "https://www2.deloitte.com/content/dam/Deloitte/global/Images/infographics/technologymediatelecommunications/gx-deloitte-tmt-2018-intense-machine-learning-report.pdf"
}

@misc{LGPD_2021,
    title     = "{Proteção de Dados - LGPD}",
    year      = {2021},
    url       = "https://www.gov.br/defesa/pt-br/acesso-a-informacao/lei-geral-de-protecao-de-dados-pessoais-lgpd"
}

@misc{Khalegi_2019_Pre,
    author    = {Bahador Khalegi},
    title     = "The How of Explainable AI: Pre-modelling Explainability",
    year      = {2019},
    url       = "https://towardsdatascience.com/the-how-of-explainable-ai-pre-modelling-explainability-699150495fe4"
}

@misc{Khalegi_2019,
    author    = {Bahador Khalegi},
    title     = "The How of Explainable AI: Explainable Modelling",
    year      = {2019},
    url       = "https://towardsdatascience.com/the-how-of-explainable-ai-explainable-modelling-55c8c43d7bed"
}

@misc{Khalegi_2019_Post,
    author    = {Bahador Khalegi},
    title     = "The How of Explainable AI: Post-modelling Explainability",
    year      = {2019},
    url       = "https://towardsdatascience.com/the-how-of-explainable-ai-post-modelling-explainability-8b4cbc7adf5f"
}

@InProceedings{Zemel_2013,
  title = 	 {Learning Fair Representations},
  author = 	 {Zemel, Rich and Wu, Yu and Swersky, Kevin and Pitassi, Toni and Dwork, Cynthia},
  booktitle = 	 {Proceedings of the 30th International Conference on Machine Learning},
  pages = 	 {325--333},
  year = 	 {2013},
  url = 	 {https://proceedings.mlr.press/v28/zemel13.html}
}

@inproceedings{Verma_2018,
  author = {Verma, Sahil and Rubin, Julia},
  year = {2018},
  pages = {1-7},
  title = {Fairness definitions explained},
  booktitle = {{ACM/IEEE} International Workshop on Software Fairness},
}

@article{Kamiran_2011,
author = {Kamiran, Faisal and Calders, Toon},
year = {2011},
title = {Data Pre-Processing Techniques for Classification without Discrimination},
journal = {Knowledge and Information Systems},
url = {https://www.researchgate.net/publication/228975972_Data_Pre-Processing_Techniques_for_Classification_without_Discrimination},
}

@inproceedings{Feldman_2015,
author = {Feldman, Michael and Friedler, Sorelle A. and Moeller, John and Scheidegger, Carlos and Venkatasubramanian, Suresh},
title = {Certifying and Removing Disparate Impact},
year = {2015},
url = {https://doi.org/10.1145/2783258.2783311},
booktitle = {Proceedings of the 21th ACM SIGKDD International Conference on Knowledge Discovery and Data Mining},
pages = {259–268},
}

@article{Nakamaru_2020,
   title={Generating a Generic Fluent API in Java},
   url={http://dx.doi.org/10.22152/programming-journal.org/2020/4/9},
   journal={The Art, Science, and Engineering of Programming},
   author={Nakamaru, Tomoki and Chiba, Shigeru},
   year={2020}
}

@article{Speicher_2018,
   title={A Unified Approach to Quantifying Algorithmic Unfairness},
   url={http://dx.doi.org/10.1145/3219819.3220046},
   booktitle={Proceedings of the 24th ACM SIGKDD International Conference on Knowledge Discovery and Data Mining},
   author={Speicher, Till and Heidari, Hoda and Grgic-Hlaca, Nina and Gummadi, Krishna P. and Singla, Adish and Weller, Adrian and Zafar, Muhammad Bilal},
   year={2018}
}

@article{Biswas_2020,
author = {Biswas, Sumon and Rajan, Hridesh},
title = {Do the Machine Learning Models on a Crowd Sourced Platform Exhibit Bias? An Empirical Study on Model Fairness},
year = {2020},
booktitle = {Proceedings of the 28th ACM Joint Meeting on European Software Engineering Conference and Symposium on the Foundations of Software Engineering},
pages = {642–653}
}


@inproceedings{Calmon_2017,
 author = {Calmon, Flavio and Wei, Dennis and Vinzamuri, Bhanukiran and Natesan Ramamurthy, Karthikeyan and Varshney, Kush R},
 booktitle = {Advances in Neural Information Processing Systems},
 title = {Optimized Pre-Processing for Discrimination Prevention},
 url = {https://proceedings.neurips.cc/paper/2017/file/9a49a25d845a483fae4be7e341368e36-Paper.pdf},
 year = {2017}
}

@inproceedings{Kamishima_2012,
author = {Kamishima, Toshihiro and Akaho, Shotaro and Asoh, Hideki and Sakuma, Jun},
year = {2012},
pages = {35-50},
title = {Fairness-Aware Classifier with Prejudice Remover Regularizer},
url = {https://www.researchgate.net/publication/262176212_Fairness-Aware_Classifier_with_Prejudice_Remover_Regularizer}
}

@inproceedings{Zhang_2018,
author = {Zhang, Brian and Lemoine, Blake and Mitchell, Margaret},
year = {2018},
pages = {335-340},
title = {Mitigating Unwanted Biases with Adversarial Learning},
url = {https://www.researchgate.net/publication/330299272_Mitigating_Unwanted_Biases_with_Adversarial_Learning}
}

@inproceedings{Hardt_2016,
 author = {Hardt, Moritz and Price, Eric and Price, Eric and Srebro, Nati},
 booktitle = {Advances in Neural Information Processing Systems},
 title = {Equality of Opportunity in Supervised Learning},
 url = {https://proceedings.neurips.cc/paper/2016/file/9d2682367c3935defcb1f9e247a97c0d-Paper.pdf},
 year = {2016}
}

@inproceedings{Pleiss_2017,
 author = {Pleiss, Geoff and Raghavan, Manish and Wu, Felix and Kleinberg, Jon and Weinberger, Kilian Q},
 booktitle = {Advances in Neural Information Processing Systems},
 title = {On Fairness and Calibration},
 url = {https://proceedings.neurips.cc/paper/2017/file/b8b9c74ac526fffbeb2d39ab038d1cd7-Paper.pdf},
 year = {2017}
}

@inproceedings{Kamiran_2012,
  author={Kamiran, Faisal and Karim, Asim and Zhang, Xiangliang},
  booktitle={2012 IEEE 12th International Conference on Data Mining}, 
  title={Decision Theory for Discrimination-Aware Classification}, 
  year={2012},
  pages={924-929}
}

@inproceedings{Celis_2019,
  title={Classification with fairness constraints: A meta-algorithm with provable guarantees},
  author={Celis, L Elisa and Huang, Lingxiao and Keswani, Vijay and Vishnoi, Nisheeth K},
  booktitle={Proceedings of the conference on fairness, accountability, and transparency},
  pages={319-328},
  year={2019}
}

@inproceedings{Kearns_2018,
  title={Preventing fairness gerrymandering: Auditing and learning for subgroup fairness},
  author={Kearns, Michael and Neel, Seth and Roth, Aaron and Wu, Zhiwei Steven},
  booktitle={International Conference on Machine Learning},
  pages={2564-2572},
  year={2018}
}

@inproceedings{Agarwal_2018,
  title={A reductions approach to fair classification},
  author={Agarwal, Alekh and Beygelzimer, Alina and Dud{\'\i}k, Miroslav and Langford, John and Wallach, Hanna},
  booktitle={International Conference on Machine Learning},
  pages={60-69},
  year={2018}
}

@inproceedings{Agarwal_2019,
  title={Fair regression: Quantitative definitions and reduction-based algorithms},
  author={Agarwal, Alekh and Dud{\'\i}k, Miroslav and Wu, Zhiwei Steven},
  booktitle={International Conference on Machine Learning},
  pages={120-129},
  year={2019}
}

@misc{McGraw_2020,
  title={AN ARCHITECTURAL RISK ANALYSIS OF MACHINE LEARNING SYSTEMS: Toward More Secure Machine Learning},
  author={McGraw, Gary and Figueroa, Harold and Shepardson, Victor and Bonett, Richie},
  booktitle={Berryville Institute of Machine Learning},
  url={https://berryvilleiml.com/docs/ara.pdf}
}

@misc{ucigerman_2021,
	title={Statlog (German Credit Data) Data Set},
	url={https://archive.ics.uci.edu/ml/datasets/statlog+(german+credit+data)}
}

@misc{IBM_2021,
    title     = "{IBM} - {Analytics} and {AI} architecture",
    url       = "https://www.ibm.com/cloud/architecture/architectures/aiAnalyticsArchitecture/reference-architecture/"
}

@misc{Fowler_2005,
	author = {Fowler, Martin},
    title     = "FluentInterface",
    url       = "https://martinfowler.com/bliki/FluentInterface.html",
    year={2005}
}

@misc{Copeland_2016,
    title     = "What’s the Difference Between Artificial Intelligence, Machine Learning and Deep Learning?",
    url       = "https://blogs.nvidia.com/blog/2016/07/29/whats-difference-artificial-intelligence-machine-learning-deep-learning-ai/"
}

@misc{MLWikipedia_2021,
    title     = "Aprendizado de Máquina",
    url       = "https://pt.wikipedia.org/wiki/Aprendizado_de_máquina"
}

@misc{MLSAS_2021,
    title     = "Machine learning: o que é e qual sua importância?",
    url       = "https://www.sas.com/pt_br/insights/analytics/machine-learning.html"
}

@techreport{IBM_2005,
  url = {https://www-03.ibm.com/autonomic/pdfs/AC%20Blueprint%20White%20Paper%20V7.pdf},
  editor = {IBM},
  institution = {IBM},
  title = {An Architectural Blueprint for Autonomic Computing},
  year = 2005
}

@article{Kephart_2003,
title = {The Vision Of Autonomic Computing},
author = {Kephart, Jeffrey and Chess, D.M.},
year = {2003},
pages = {41 - 50}
}

@inproceedings{Abbas_2010,
title = {Autonomic Software Product Lines},
author = {Abbas, Nadeem and Andersson, Jesper and Löwe, Welf},
year = {2010},
pages = {324-331},
journal = {ACM International Conference Proceeding Series}
}

@inproceedings{Garlan_1993,
  title={An Introduction to Software Architecture},
  author={David Garlan and Mary Shaw},
  booktitle={Advances in Software Engineering and Knowledge Engineering},
  year={1993}
}

@inproceedings{Bosch_2004,
title = {Software Architecture: The Next Step},
author = {Bosch, Jan},
year = {2004},
pages = {194-199},
journal = {Software architecture}
}

@article{Mehrabi_2021,
author = {Mehrabi, Ninareh and Morstatter, Fred and Saxena, Nripsuta and Lerman, Kristina and Galstyan, Aram},
year = {2021},
pages = {1-35},
title = {A Survey on Bias and Fairness in Machine Learning},
journal = {ACM Computing Surveys}
}

@article{Mougan_2022,
  author    = {Carlos Mougan and
               Jos{\'{e}} Manuel {\'{A}}lvarez and
               Gourab K. Patro and
               Salvatore Ruggieri and
               Steffen Staab},
  title     = {Fairness implications of encoding protected categorical attributes},
  year      = {2022}
}

@article{dAlessandro_2017,
author = {d'Alessandro, Brian and O'Neil, Cathy and LaGatta, Tom},
year = {2017},
pages = {120-134},
title = {Conscientious Classification: A Data Scientist's Guide to Discrimination-Aware Classification},
journal = {Big Data}
}
