@inproceedings{Buolamwini_2018,
  author    = {Joy Buolamwini and
               Timnit Gebru},
  title     = {Gender Shades: Intersectional Accuracy Disparities in Commercial Gender
               Classification},
  booktitle = {Conference on Fairness, Accountability and Transparency},
  series    = {Proceedings of Machine Learning Research},
  volume    = {81},
  pages     = {77--91},
  year      = {2018}
}

@misc{Begley_2021,
title={Explainability for fair machine learning},
author={Tom Begley and Tobias Schwedes and Christopher Frye and Ilya Feige},
year={2021}
}

@InProceedings{Zemel_2013,
  title = 	 {Learning Fair Representations},
  author = 	 {Zemel, Rich and Wu, Yu and Swersky, Kevin and Pitassi, Toni and Dwork, Cynthia},
  booktitle = 	 {Proceedings of the 30th International Conference on Machine Learning},
  pages = 	 {325--333},
  year = 	 {2013},
  url = 	 {https://proceedings.mlr.press/v28/zemel13.html}
}

@inproceedings{Verma_2018,
  author = {Verma, Sahil and Rubin, Julia},
  year = {2018},
  pages = {1-7},
  title = {Fairness definitions explained},
  booktitle = {{ACM/IEEE} International Workshop on Software Fairness},
}

@article{Kamiran_2011,
author = {Kamiran, Faisal and Calders, Toon},
year = {2011},
title = {Data Pre-Processing Techniques for Classification without Discrimination},
journal = {Knowledge and Information Systems},
url = {https://www.researchgate.net/publication/228975972_Data_Pre-Processing_Techniques_for_Classification_without_Discrimination},
}

@inproceedings{Feldman_2015,
author = {Feldman, Michael and Friedler, Sorelle A. and Moeller, John and Scheidegger, Carlos and Venkatasubramanian, Suresh},
title = {Certifying and Removing Disparate Impact},
year = {2015},
url = {https://doi.org/10.1145/2783258.2783311},
booktitle = {Proceedings of the 21th ACM SIGKDD International Conference on Knowledge Discovery and Data Mining},
pages = {259â€“268},
}

@article{Nakamaru_2020,
   title={Generating a Generic Fluent API in Java},
   url={http://dx.doi.org/10.22152/programming-journal.org/2020/4/9},
   journal={The Art, Science, and Engineering of Programming},
   author={Nakamaru, Tomoki and Chiba, Shigeru},
   year={2020}
}

@inproceedings{Calmon_2017,
 author = {Calmon, Flavio and Wei, Dennis and Vinzamuri, Bhanukiran and Natesan Ramamurthy, Karthikeyan and Varshney, Kush R},
 booktitle = {Advances in Neural Information Processing Systems},
 title = {Optimized Pre-Processing for Discrimination Prevention},
 url = {https://proceedings.neurips.cc/paper/2017/file/9a49a25d845a483fae4be7e341368e36-Paper.pdf},
 year = {2017}
}

@inproceedings{Kamishima_2012,
author = {Kamishima, Toshihiro and Akaho, Shotaro and Asoh, Hideki and Sakuma, Jun},
year = {2012},
pages = {35-50},
title = {Fairness-Aware Classifier with Prejudice Remover Regularizer},
url = {https://www.researchgate.net/publication/262176212_Fairness-Aware_Classifier_with_Prejudice_Remover_Regularizer}
}

@inproceedings{Zhang_2018,
author = {Zhang, Brian and Lemoine, Blake and Mitchell, Margaret},
year = {2018},
pages = {335-340},
title = {Mitigating Unwanted Biases with Adversarial Learning},
url = {https://www.researchgate.net/publication/330299272_Mitigating_Unwanted_Biases_with_Adversarial_Learning}
}

@inproceedings{Hardt_2016,
 author = {Hardt, Moritz and Price, Eric and Price, Eric and Srebro, Nati},
 booktitle = {Advances in Neural Information Processing Systems},
 title = {Equality of Opportunity in Supervised Learning},
 url = {https://proceedings.neurips.cc/paper/2016/file/9d2682367c3935defcb1f9e247a97c0d-Paper.pdf},
 year = {2016}
}

@inproceedings{Pleiss_2017,
 author = {Pleiss, Geoff and Raghavan, Manish and Wu, Felix and Kleinberg, Jon and Weinberger, Kilian Q},
 booktitle = {Advances in Neural Information Processing Systems},
 title = {On Fairness and Calibration},
 url = {https://proceedings.neurips.cc/paper/2017/file/b8b9c74ac526fffbeb2d39ab038d1cd7-Paper.pdf},
 year = {2017}
}

@inproceedings{Kamiran_2012,
  author={Kamiran, Faisal and Karim, Asim and Zhang, Xiangliang},
  booktitle={2012 IEEE 12th International Conference on Data Mining}, 
  title={Decision Theory for Discrimination-Aware Classification}, 
  year={2012},
  pages={924-929}
}

@inproceedings{Celis_2019,
  title={Classification with fairness constraints: A meta-algorithm with provable guarantees},
  author={Celis, L Elisa and Huang, Lingxiao and Keswani, Vijay and Vishnoi, Nisheeth K},
  booktitle={Proceedings of the conference on fairness, accountability, and transparency},
  pages={319-328},
  year={2019}
}

@inproceedings{Kearns_2018,
  title={Preventing fairness gerrymandering: Auditing and learning for subgroup fairness},
  author={Kearns, Michael and Neel, Seth and Roth, Aaron and Wu, Zhiwei Steven},
  booktitle={International Conference on Machine Learning},
  pages={2564-2572},
  year={2018}
}

@inproceedings{Agarwal_2018,
  title={A reductions approach to fair classification},
  author={Agarwal, Alekh and Beygelzimer, Alina and Dud{\'\i}k, Miroslav and Langford, John and Wallach, Hanna},
  booktitle={International Conference on Machine Learning},
  pages={60-69},
  year={2018}
}

@inproceedings{Agarwal_2019,
  title={Fair regression: Quantitative definitions and reduction-based algorithms},
  author={Agarwal, Alekh and Dud{\'\i}k, Miroslav and Wu, Zhiwei Steven},
  booktitle={International Conference on Machine Learning},
  pages={120-129},
  year={2019}
}

@misc{McGraw_2020,
  title={AN ARCHITECTURAL RISK ANALYSIS OF MACHINE LEARNING SYSTEMS: Toward More Secure Machine Learning},
  author={McGraw, Gary and Figueroa, Harold and Shepardson, Victor and Bonett, Richie},
  booktitle={Berryville Institute of Machine Learning},
  url={https://berryvilleiml.com/docs/ara.pdf}
}

@misc{ucigerman_2021,
	title={Statlog (German Credit Data) Data Set},
	url={https://archive.ics.uci.edu/ml/datasets/statlog+(german+credit+data)}
}

@misc{IBM_2021,
    title     = "{IBM} - {Analytics} and {AI} architecture",
    url       = "https://www.ibm.com/cloud/architecture/architectures/aiAnalyticsArchitecture/reference-architecture/"
}

@misc{Fowler_2005,
    title     = "FluentInterface",
    url       = "https://martinfowler.com/bliki/FluentInterface.html"
}